@article{Borges2023,
address = {S{\~{a}}o Paulo},
author = {{Borges, Alex Brito} and {Vitorino, Amanda Vieira} and {de Sa, Julianne Novaes} and {Garcia, Murillo Alves} and {Cavalcante, Rodrigo Alves} and {Lima, Valeska Oliveira}},
journal = {ETEC de Mau{\'{a}} - CPS},
pages = {33},
title = {{Chatbot: automatiza{\c{c}}{\~{a}}o de vendas pelo Whatsapp}},
year = {2023}
}

@inproceedings{Carvalho2024,
author = {{de Carvalho, Ana Paula Pereira Lopes} and {Paschoal, Leo Natan}},
booktitle = {Anais do IX Workshop sobre Aspectos Sociais, Humanos e Econ{\^{o}}micos de Software (WASHES 2024)},
doi = {10.5753/washes.2024.2635},
month = {jul},
pages = {58--69},
publisher = {Sociedade Brasileira de Computa{\c{c}}{\~{a}}o - SBC},
title = {{Investigando a experi{\^{e}}ncia do usu{\'{a}}rio com um chatbot de atendimento ao cliente: um caso com o software de uma operadora de telecomunica{\c{c}}{\~{o}}es}},
NOTE = "Disponível em:
\url{https://sol.sbc.org.br/index.php/washes/article/view/29442}. Acesso em:
4 set. 2024.",
year = {2024}
}

@misc{IBM2024,
author = {{Ibm}},
mendeley-groups = {IFG/Ci{\^{e}}nciaDaComputa{\c{c}}{\~{a}}o/3{\textordmasculine}Periodo/MPC/Chatbots},
title = {{IBM Watson to watsonx}},
url = {https://www.ibm.com/watson},
urlaccessdate = {27 set. 2024},
year = {2024}
}

@article{TURING:1950,
    author = {{Turing, A. M.}},
    title = "{I. Computing Machinery and Intelligence}",
    journal = {Mind},
    volume = {LIX},
    number = {236},
    pages = {433-460},
    year = {1950},
    month = {10},
    issn = {0026-4423},
    doi = {10.1093/mind/LIX.236.433},
    url = {https://doi.org/10.1093/mind/LIX.236.433},
    urlaccessdate = {27 set. 2024},
    eprint = {https://academic.oup.com/mind/article-pdf/LIX/236/433/30123314/lix-236-433.pdf},
}


@misc{Oracle2024,
author = {{Oracle}},
title = {{O que {\'{e}} um chatbot?}},
url = {https://www.oracle.com/br/chatbots/what-is-a-chatbot/#:$\sim$:text=Os chatbots permitem que as empresas se conectem com os,s{\~{a}}o comuns e facilmente respondidas.},
urlaccessdate = {27 set. 2024},
year = {2024}
}


@manual{ABNT:NBR-15287-2011,
	title="{NBR}-15287: Informação e documentação - Projeto de pesquisa - Apresentação",
	author="ABNT",
	organization="ASSOCIAÇÃO BRASILEIRA DE NORMAS TÉCNICAS",
	address="Rio de Janeiro",
	year="2011",
	pages="8"
}

@inproceedings{Valentim2014,
abstract = {The number of people who are using mobile web applications has increased in recent years. For this reason, the software industry is concerned with producing mobile web applications with high quality. To improve the quality of these applications, we should evaluate the user experience and usability, in order to offer a good user experience to end users. In this paper, we report a practical case of a user experience evaluation and a usability testing of a mobile web application, called Swarm. The results of this experience show the possibility of conducting usability tests along with user experience evaluation with good cost-benefit relationship.},
author = {{Valentim, Natasha M. Costa} and {Rabelo, Jacilane} and {Silva, Williamson} and {Coutinho, Wallison} and {Mota, {\'{A}}lvaro} and {Conte, Tayana}},
booktitle = {Anais do XIII Simp{\'{o}}sio Brasileiro de Qualidade de Software (SBQS 2014)},
doi = {10.5753/sbqs.2014.15258},
isbn = {9789972825804},
month = {aug},
number = {2011},
pages = {256--263},
publisher = {Sociedade Brasileira de Computa{\c{c}}{\~{a}}o - SBC},
title = {{Avaliando a qualidade de um aplicativo web m{\'{o}}vel atrav{\'{e}}s de um teste de usabilidade: um relato de experi{\^{e}}ncia}},
url = {https://sol.sbc.org.br/index.php/sbqs/article/view/15258},
urlaccessdate={25 abr. 2024},
volume = {25010},
year = {2014}
}

@ARTICLE{Weizenbaum_1966,
title={ELIZA - a computer program for the study of natural language communication between man and machine},
year={1966},
author={{Joseph Weizenbaum}},
doi={10.1145/357980.357991},
pmid={null},
pmcid={null},
mag_id={2161466446},
journal={Communications of The ACM},
abstract={ELIZA is a program operating within the MAC time-sharing system of MIT which makes certain kinds of natural language conversation between man and computer possible. Input sentences are analyzed on the basis of decomposition rules which are triggered by key words appearing in the input text. Responses are generated by reassembly rules associated with selected decomposition rules. The fundamental technical problems with which ELIZA is concerned are: (1) the identification of key words, (2) the discovery of minimal context, (3) the choice of appropriate transformations, (4) generation of responses in the absence of key words, and (5) the provision of an editing capability for ELIZA “scripts”. A discussion of some psychological issues relevant to the ELIZA approach as well as of future developments concludes the paper.},
url={https://dl.acm.org/doi/pdf/10.1145/357980.357991},
urlaccessdate={23 abr. 2024}
}


@inproceedings{Folstad2019,
address = {New York, NY, USA},
author = {{F{\o}lstad, Asbj{\o}rn} and {Skjuve, Marita}},
booktitle = {Proceedings of the 1st International Conference on Conversational User Interfaces},
doi = {10.1145/3342775.3342784},
file = {:F\:/20231/CienciaDaComputacao_IFG/20241/MPC/TrabalhoEmGrupo/270309851.pdf:pdf},
isbn = {9781450371872},
keywords = {Chatbot,Customer service,Interview study,User experience,User motivation},
month = {aug},
number = {Cui},
pages = {1--9},
publisher = {ACM},
title = {{Chatbots for Customer Service: User Experience and Motivation}},
year = {2019},
url={https://dl.acm.org/doi/10.1145/3342775.3342784},
urlaccessdate={17 abr. 2024}
}


@inproceedings{Barbosa2022,
author = {{Barbosa, Marcus} and {Valle, Pedro} and {Nakamura, Walter} and {Guerino, Guilherme} and {Finger, Alice} and {Lunardi, Gabriel} and {Silva, Williamson}},
booktitle = {Anais da VI Escola Regional de Engenharia de Software (ERES 2022)},
doi = {10.5753/eres.2022.227723},
file = {:F\:/20231/CienciaDaComputacao_IFG/20241/MPC/TrabalhoEmGrupo/22369-1310-18142-1-10-20221109.pdf:pdf},
month = {oct},
pages = {21--30},
publisher = {Sociedade Brasileira de Computa{\c{c}}{\~{a}}o},
title = {{Um Estudo Explorat{\'{o}}rio sobre M{\'{e}}todos de Avalia{\c{c}}{\~{a}}o de User Experience em Chatbots}},
year = {2022},
url={https://sol.sbc.org.br/index.php/eres/article/view/22369},
urlaccessdate={17 abr. 2024}
}






@manual{NBR14724:2011,
	title="{NBR}-14724: Informação e documentação - Trabalhos acadêmicos em publicação periódica científica impressa - Apresentação",
	author="ABNT",
	organization="ASSOCIAÇÃO BRASILEIRA DE NORMAS TÉCNICAS",
	address="Rio de Janeiro",
	year="2011",
	pages="27"
}

@manual{HIBERNATE:2023,
address={USA},
booktitle={},
publisher={},
title={Hibernate},
note="Disponível em:\url{https://hibernate.org/}. Acesso em: 26 out. 2023",
year={2023}
}


@manual{FLYWAY:2023,
address={USA},
booktitle={},
publisher={},
title={Home Flyway},
url={https://flywaydb.org/},
urlaccessdate={26 out. 2023},
year={2023}}

@manual{PROJECT:2023,
address={},
booktitle={},
publisher={},
title={Microsoft Project},
url={https://www.microsoft.com/pt-br/microsoft-365/project/project-management-software},
urlaccessdate={21 set. 2023},
year={2023}}

@manual{JAVA:2023,
address={},
booktitle={},
publisher={},
title={Linguagem de Programação Java},
url={https://www.java.com/pt-BR/download/},
urlaccessdate={21 set. 2023},
year={2023}}

@manual{LATEX:2023,
address={},
booktitle={},
publisher={},
title={LaTeX para windows: MikTeX},
url={https://miktex.org/},
urlaccessdate={21 set. 2023},
year={2023}}

@manual{ECLIPSE:2023,
address={},
booktitle={},
publisher={},
title={Eclipse Foundation},
url={https://www.eclipse.org/downloads/},
urlaccessdate={21 set. 2023},
year={2023}}

@manual{LUCIDCHART:2023,
address={},
booktitle={},
publisher={},
title={Lucidchart Online},
url={https://www.lucidchart.com/pages/pt},
urlaccessdate={21 set. 2023},
year={2023}}

@manual{PROJECTLIBRE:2023,
address={},
booktitle={},
publisher={},
title={Project Libre},
url={https://sourceforge.net/projects/projectlibre/},
urlaccessdate={21 set. 2023},
year={2023}}

@book{Pressman:2001,
address = {Rio de Janeiro},
author = {Roger S. Pressman},
edition = {5},
isbn = {85-86804-25},
pages = {431},
publisher="McGraw Hill",
title = {{Engenharia de Software}},
year = {2001}
}

@book{Sommerville:2011,
address = {Rio de Janeiro},
author = {Ian Sommerville},
edition = {5},
isbn = {85-793610-87},
pages = {529},
publisher={Pearson},
title = {{Engenharia de Software}},
year = {2011}
}



@manual{Paranapanema:2021,
address={Santo André, SP},
booktitle={},
publisher={},
title={Paranapanema Metais},
url={https://www.paranapanema.com.br/},
urlaccessdate={3 dez. 2021},
year={2021}
}

@manual{cobresul:2021,
address={São Paulo},
booktitle={},
publisher={},
title={Cobresul Metais},
url={https://www.cobresul.com.br/},
urlaccessdate={3 dez. 2021},
year={2021}}

@manual{eltubos:2021,
address={São Paulo},
booktitle={},
publisher={},
title={El TUBOS},
url={http://www.eltubos.com.br/},
urlaccessdate={3 dez. 2021},
year={2021}}

@manual{ABNT:NBR-158841-2011,
	title="{NBR}-15884-1: Sistemas de tubulações plásticas para instalações prediais de água quente e fria - Policloreto de vinila clorado (CPVC) Parte 1: Tubos - Requisitos",
	author="ABNT",
	organization="ASSOCIAÇÃO BRASILEIRA DE NORMAS TÉCNICAS",
	address="Rio de Janeiro",
	year="2011",
	pages="26"
}

@manual{ABNT:NBR-158842-2011,
	title="{NBR}-15884-2: Sistemas de tubulações plásticas para instalações prediais de água quente e fria - Policloreto de vinila clorado (CPVC) Parte 2: Conexões - Requisitos",
	author="ABNT",
	organization="ASSOCIAÇÃO BRASILEIRA DE NORMAS TÉCNICAS",
	address="Rio de Janeiro",
	year="2011",
	pages="21"
}


@manual{ABNT:NBR-15345-2013,
	title="{NBR}-15345: Instalação predial de tubos e conexões de cobre e ligas de cobre - Procedimento",
	author="ABNT",
	organization="ASSOCIAÇÃO BRASILEIRA DE NORMAS TÉCNICAS",
	address="Rio de Janeiro",
	year="2013",
	pages="20"
}

@manual{ABNT:NBR-5626-2020,
	title="{NBR}-5626: Sistemas prediais de água fria e água quente - Projeto, execução, operação e manutenção",
	author="ABNT",
	organization="ASSOCIAÇÃO BRASILEIRA DE NORMAS TÉCNICAS",
	address="Rio de Janeiro",
	year="2020",
	pages="40"
}

@manual{TIGRE:2021,
address={Joinville},
booktitle={},
publisher={},
title={Tigre},
url={https://www.tigre.com.br/},
urlaccessdate={8 nov. 2021},
year={2021}}

@manual{AMANCO:2021,
address={São Paulo},
booktitle={},
publisher={},
title={Amanco},
url={https://amancowavin.com.br/},
urlaccessdate={8 nov. 2021},
year={2021}}

@manual{PLASTILIT:2021,
address={Paraná},
booktitle={},
publisher={},
title={Plastilit},
url={https://www.plastilit.com.br/},
urlaccessdate={8 nov. 2021},
year={2021}}

@manual{ABNT:NBR-15491-2010,
	title="{NBR}-15491: Caixa de descarga para limpeza de bacias sanitárias - Requisitos e métodos de ensaio",
	author="ABNT",
	organization="ASSOCIAÇÃO BRASILEIRA DE NORMAS TÉCNICAS",
	address="Rio de Janeiro",
	year="2010",
	pages="40"
}


@manual{ABNT:NBR-15857-2011,
	title="{NBR}-15857: Válvula de descarga para limpeza de bacias sanitárias - Requisitos e métodos de ensaio",
	author="ABNT",
	organization="ASSOCIAÇÃO BRASILEIRA DE NORMAS TÉCNICAS",
	address="Rio de Janeiro",
	year="2011",
	pages="22"
}

@manual{ABNT:NBR-10844-1989,
	title="{NBR}-10844: Instalações prediais de águas pluviais",
	author="ABNT",
	organization="ASSOCIAÇÃO BRASILEIRA DE NORMAS TÉCNICAS",
	address="Rio de Janeiro",
	year="1989",
	pages="13"
}


@manual{ABNT:NBR-5626-1998,
	title="{NBR}-5626: Sistemas prediais de água fria e água quente - Projeto, execução, operação e manutenção",
	author="ABNT",
	organization="ASSOCIAÇÃO BRASILEIRA DE NORMAS TÉCNICAS",
	address="Rio de Janeiro",
	year="1998",
	pages="64"
}

@manual{ABNT:NBR-8160-1999,
	title="{NBR}-8160: Sistemas prediais de esgoto sanitário -
Projeto e execução",
	author="ABNT",
	organization="ASSOCIAÇÃO BRASILEIRA DE NORMAS TÉCNICAS",
	address="Rio de Janeiro",
	year="1999",
	pages="74"
}


@misc{GERALDO:2006,
address = {Juiz de Fora, MG},
author = {Geraldo Luciano de Oliveira Marques},
booktitle = {Disciplina: Pavimentação},
pages = {210},
publisher = {UFJF},
title = {{Nota de aula: Disciplina: Pavimentação}},
year = {2006}
}

@manual{CMTT:2021,
	title="Companhia Municipal de Trânsito Transporte e Serviços Urbanos",
	author="CMTT",
	organization="PREFEITURA NUMNICIPAL DE ANÁPOLIS",
	address="Anápolis",
	year="2021",
	pages="",
	note="Disponível em:
\url{<https://novo.anapolis.go.gov.br/secretaria/companhia-municipal-de-transito-transportes-e-servicos-urbanos/>}. Acesso em: 10 jul. 2021"
}



@mastersthesis{FERNANDA:2016,
address={Goiânia},
author={Fernanda Antônia Fontes MendonÇa},
pages={129},
pagename={f.},
school={Universidade Federal de Goiás},
subtitle={Procedimento metodológico e definição de diretrizes},
title={Reestruturação de redes de transporte coletivo a partir da identificação de centralidades em cidades de médio porte},
type={Projeto e Cidade da Faculdade de Artes Visuais},
year={2016}
}

@mastersthesis{FERRI:2018,
author = {Ferri, Denis},
booktitle = {Revista Cidades},
issn = {2448-1092},
pages = {289},
school = {Universidade S{\~{a}}o Paulo},
title = {{O terminal de {\^{o}}nibus urbano e a estrutura da cidade: An{\'{a}}lise da forma{\c{c}}{\~{a}}o tipol{\'{o}}gica dos terminais e seu papel na estrutura{\c{c}}{\~{a}}o da cidade de S{\~{a}}o Paulo}},
type = {Mestrado em Arquitetura e Urbanismo},
year = {2018}
}

@monography{SAMANTHA:2014,
address={Curitiba},
author={Samantha Isabelle Oliveira Neves},
pages={94},
pagename={f.},
school={Universidade Tecnológica Federal do Paraná},
title={Terminal Intermodal De Passageiros Em Sorocaba},
type={Trabalho de Conclusão de Curso},
year={2014}}

@misc{DNER:1986,
address = {Bras{\'{i}}lia, DF},
author = {DNER},
edition = {3},
booktitle = {Departamento Nacional de Estradas de Rodagem},
pages = {214},
publisher = {MINIST{\'{E}}RIO DOS TRANSPORTES},
title = {{Manual de implanta{\c{c}}{\~{a}}o de terminais rodovi{\'{a}}rios de passageiros}},
year = {1986}
}

@misc{Legislativo2016,
address = {Anapolis, GO},
author = {Legislativo, Poder},
pages = {1--197},
publisher = {Camara Municipal de An{\'{a}}polis},
title = {{Lei complementar n 349}},
year = {2016}
}

@book{Neufert1976,
address = {S{\~{a}}o Paulo},
author = {Neufert, Ernst},
edition = {21},
isbn = {84-252-0737-1},
pages = {431},
publisher="GG do Brasil",
title = {{Arte de Projetar em Arquitetura}},
year = {1976}
}

@manual{PMA:LEI-120-2006,
	title="{Lei}~nº 120: institui normas de
edificacões para o município de Anápolis e da outras providências",
	author="PMA",
	organization="PREFEITURA NUMNICIPAL DE ANÁPOLIS",
	address="Anápolis",
	year="2006",
	pages="59",
	note="Disponível em:
\url{https://sapl.anapolis.go.leg.br/media/sapl/public/normajuridica/2006/234/234_texto_integral.pdf}. Acesso em: 11 maio. 2021"
}


@book{CSP:2006,
	author={{Carlos de Sousa Pinto}},
	title="Curso Básico de Mecânica dos Solos",
	address="São Paulo",
	edition="3",
	publisher="Oficina de Textos",
	year="2006",
	pages="577",
	ISBN=""
}

@manual{ABNT:NBR-6502-2016,
	title="{NBR}-6502: Rochas e solos",
	author="ABNT",
	organization="ASSOCIAÇÃO BRASILEIRA DE NORMAS TÉCNICAS",
	address="Rio de Janeiro",
	year="1995",
	pages="18"
}

@manual{ABNT:NBR-6457-2016,
	title="{NBR}-6457: Mostra de solo - Preparação para ensaios de compactação e ensaios de caracterização",
	author="ABNT",
	organization="ASSOCIAÇÃO BRASILEIRA DE NORMAS TÉCNICAS",
	address="Rio de Janeiro",
	year="2016",
	pages="8"
}

@manual{ABNT:NBR-6459-2016,
	title="{NBR}-6459: Solo - Determinação do Limite de Liquidez",
	author="ABNT",
	organization="ASSOCIAÇÃO BRASILEIRA DE NORMAS TÉCNICAS",
	address="Rio de Janeiro",
	year="2016",
	pages="5"
}

@manual{ABNT:NBR-6508-2-2019,
	title="{NBR}-6508-2: Grãos de solo que passam na peneira 4,8 mm - Determinação da massa específica.",
	author="ABNT",
	organization="ASSOCIAÇÃO BRASILEIRA DE NORMAS TÉCNICAS",
	address="Rio de Janeiro",
	year="2019",
	pages="26"
}

@manual{ABNT:NBR-7180-2016,
	title="{NBR}-7180: Solo - Determinação do Limite de Plasticidade",
	author="ABNT",
	organization="ASSOCIAÇÃO BRASILEIRA DE NORMAS TÉCNICAS",
	address="Rio de Janeiro",
	year="2016",
	pages="3"
}

@manual{ABNT:NBR-7181-2016,
	title="{NBR}-7181:  Solo - Análise granulométrica",
	author="ABNT",
	organization="ASSOCIAÇÃO BRASILEIRA DE NORMAS TÉCNICAS",
	address="Rio de Janeiro",
	year="2016",
	pages="12"
}

@manual{ABNT:NBR-7182-2016,
	title="{NBR}-7182:  Solo - Ensaio de compactação",
	author="ABNT",
	organization="ASSOCIAÇÃO BRASILEIRA DE NORMAS TÉCNICAS",
	address="Rio de Janeiro",
	year="2016",
	pages="10"
}

@manual{ABNT:NBR-9604-2016,
	title="{NBR}-9604: Abertura de poço e trincheira de inspeção em solo, com retirada de amostras deformadas e indeformadas",
	author="ABNT",
	organization="ASSOCIAÇÃO BRASILEIRA DE NORMAS TÉCNICAS",
	address="Rio de Janeiro",
	year="2016",
	pages="13"
}

@manual{ABNT:NBR-6034-2005,
	title="{NBR}-6034: Informação e documentação - Índice - Apresentação",
	author="ABNT",
	organization="ASSOCIAÇÃO BRASILEIRA DE NORMAS TÉCNICAS",
	address="Rio de Janeiro",
	year="2004",
	pages="4"
}

@manual{ABNT:NBR-6033-1989,
	title="{NBR}-6033: Ordem Alfabética",
	author="ABNT",
	organization="ASSOCIAÇÃO BRASILEIRA DE NORMAS TÉCNICAS",
	address="Rio de Janeiro",
	year="1989",
	pages="5"
}

@manual{ABNT:NBR-6032-1989,
	title="{NBR}-6032: Abreviação de títulos de periódicos e publicações seriadas",
	author="ABNT",
	organization="ASSOCIAÇÃO BRASILEIRA DE NORMAS TÉCNICAS",
	address="Rio de Janeiro",
	year="1989",
	pages="14"
}

@manual{ABNT:NBR-6028-2003,
	title="{NBR}-6028: Informação e Documentação - Resumo - Apresentação",
	author="ABNT",
	organization="ASSOCIAÇÃO BRASILEIRA DE NORMAS TÉCNICAS",
	address="Rio de Janeiro",
	year="2003",
	pages="2"
}

@manual{ABNT:NBR-6027-2003,
	title="{NBR}-6027: Informação e Documentação - Sumário - Apresentação",
	author="ABNT",
	organization="ASSOCIAÇÃO BRASILEIRA DE NORMAS TÉCNICAS",
	address="Rio de Janeiro",
	year="2013",
	pages="3"
}

@manual{ABNT:NBR-6025-2002,
	title="{NBR}-6025: Informação e Documentação - Revisão de originais e provas",
	author="ABNT",
	organization="ASSOCIAÇÃO BRASILEIRA DE NORMAS TÉCNICAS",
	address="Rio de Janeiro",
	year="2002",
	pages="6"
}

@manual{ABNT:NBR-6023-2002,
	title="{NBR}-6023: Informação e Documentação - Referências - Elaboração",
	author="ABNT",
	organization="ASSOCIAÇÃO BRASILEIRA DE NORMAS TÉCNICAS",
	address="Rio de Janeiro",
	year="2002",
	pages="24"
}

@manual{ABNT:NBR-6024-2003,
	title="{NBR}-6024: Numeração Progressiva das seções de um documento escrito - Apresentação",
	author="ABNT",
	organization="ASSOCIAÇÃO BRASILEIRA DE NORMAS TÉCNICAS",
	address="Rio de Janeiro",
	year="2012",
	pages="3"
}

@manual{ABNT:NBR-6022-2003,
	title="{NBR}-6022: Informação e documentação - Artigo em publicação periódica científica impressa - Apresentação",
	author="ABNT",
	organization="ASSOCIAÇÃO BRASILEIRA DE NORMAS TÉCNICAS",
	address="Rio de Janeiro",
	year="2003",
	pages="5"
}

@manual{ABNT:NBR-6021-2003,
	title="{NBR}-6021: Informação e documentação - Publicação periódica científica impressa - Apresentação",
	author="ABNT",
	organization="ASSOCIAÇÃO BRASILEIRA DE NORMAS TÉCNICAS",
	address="Rio de Janeiro",
	year="2015",
	pages="14"
}

@manual{ABNT:NBR-5892-1989,
	title="{NBR}-5892: Norma para datar",
	author="ABNT",
	organization="ASSOCIAÇÃO BRASILEIRA DE NORMAS TÉCNICAS",
	address="Rio de Janeiro",
	year="1989",
	pages="2"
}


@book{ALB:CCA-1985,
	author="Antonia Motta Castro Mem{\'o}ria Ribeiro",
	title="AACR2 Anglo-American Cataloguing Rules",
	address="Brasília",
	edition="1",
	publisher="Cedit",
	year="1995",
	pages="577",
	ISBN="85-900114-1-0"
}


@inproceedings{Baturone:DCIS1996-231,
	author="BATURONE, I. and others",
	title="Supply Current Monitoring for Testing {CMOS} Analog Circuits",
	booktitle="Proceedings of the 11th CONFERENCE ON DESIGN OF CIRCUITS AND INTEGRATED SYSTEMS (DCIS)",
	year="1996",
	pages="231-236"
}

@inproceedings{Bilstrup:FCS-239,
	author="BILSTRUP, U. and WIBERG, P.",
	title="Bluetooth in Industrial Environment",
	booktitle="Proceedings of the 11th {IEEE} INTERNATIONAL WORKSHOP ON FACTORY COMMUNICATION SYSTEMS",
	address="Porto, Portugal",
	year="2000",
	pages="239-246"
}

@phdthesis{Brito:IEE-1994,
	author="Renato Machado de Brito",
	title="Instrumentação Eletro-Eletrônica para Medição Direta de Torque em Sistemas Girantes Utilizando Extensômetros de Resistência Elétrica",
	year="1994",
	pages="145",
	type="Tese (Doutorado em engenharia)",
	school="Programa de Pós-Graduação em Engenharia Mecânica e Materiais, Universidade Federal do Rio Grande do Sul",
	address="Porto Alegre"
}

@article{Cota:TIM-49-2,
	author="Erica Cota and others",
	title="A New Adaptive Analog Test and Diagnosis System",
	journal="{IEEE} Transactions on Instrumentation and Measurement",
	address="Piscataway, {NJ}",
	volume="49",
	number="2",
	pages="223-227",
	month="Abr",
	year="2000"
}

@inbook{Deller:MSP-1993,
	author="DELLER, JR, J. R. and  PROAKIS, J. G. and HANSEN, J. H. L.",
	chapter="Modeling Speech Production",
	title="Discrete-Time Processing of Speech Signals",
	address="New York",
	publisher="Macmillian",
	year="1993",
	pages="151-221",
	ISBN="0-02-328301-7"
}

@book{Fitzgerald:EM-1990,
	author="FITZGERALD, A. E. and others.",
	title="Electric Machinery",
	address="New York",
	publisher="Mcgraw-Hill",
	year="1990",
	pages="599",
	ISBN="0-07-021134-5"
}

@inbook{Garg:SMA-2000,
	author="GARG, R. and others .",
	chapter="Substrates for Microstrip Antennas",
	title="Microstrip Antenna Design Handbook",
	address="London",
	publisher="Artech House",
	year="2000",
	pages="761-762",
	ISBN="0-89006-513-6"
}

@inproceedings{Husemann:CBA2002-2780,
	author="HUSEMANN, R. and  PEREIRA, C. E. and SCHMIDT, R. L.",
	title="Sistema Monitorador para Aplicações Baseadas em Comunicação por Barramentos Industriais",
	booktitle="Anais do 14 CONGRESSO BRASILEIRO DE AUTOMÁTICA",
	year="2002",
	address="Natal, {RN}",
	pages="2780-2785"
}

@article{Maguire:MM-23-191,
	author="MAGUIRE, L. P. and MCGINNITY, T. M. and MCDAID, L. J.",
	title="Issues in the Development of an Integrated Environment for Embedded System Design - Part {A}: User Needs and Commercial Products",
	journal="Microprocessors and Microsystems",
	number="23",
	pages="191-197",
	month="Out",
	year="1999",
	note="Disponível em:
\url{<http://www.sciencedirect.com/science?_ob=
MImg&_imagekey=B6V0X-3XDHJNS-3-3&_cdi=41659dabbc93bd6b1c1eae8e0907b20b&ie=
f.pdf>}. Acesso em: 7 mar. 2000"
}

@manual{MATHWORKS:MFW-5,
	title="MATHWORKS Matlab for Windows, version 5: tutorial of optimization toolbox, version 2.2",
	organization="The MathWorks Inc.",
	year="2001"
}

@book{Marina:FMC-2007,
	author="Marina de Andrade Marconi and Eva Maria Lakatos",
	title="Fundamentos de metodologia científica",
	address="São Paulo",
	edition="6",
	publisher="Atlas",
	year="2007",
	pages="315",
	ISBN="85-224-4015-8"
}

@inproceedings{Pereira:OORT1999-133,
	author="PEREIRA, C. E. and others",
	title="Quantitative Evaluation of Distributed Object-Oriented Programming Environments for Real-Time Applications",
	booktitle="Proceedings of the 2nd INTERNATIONAL SYMPOSIUM ON OBJECT-ORIENTED REAL-TIME DISTRIBUTED COMPUTING",
	year="1999",
	address="Saint Malo, France",
	pages="133-138"
}

@inproceedings{Pereira:RTP1999-9,
	author="PEREIRA, C. E. and  WILD, R.",
	title="Tool for Validating Timing Requirements of Industrial Application based on the Foundation Fieldbus Protocol",
	booktitle="Proceedings of the 24th WORKSHOP ON REAL-TIME PROGRAMMING",
	year="1999",
	address="Schloss Dagstuhl, Germany",
	pages="9-14",
	note="Disponível
em: \url{<http://www.fernuni-hagen.de/IT/wtrp99/papers/paper-041.pdf>}.
Acesso em: 5 mar. 2001."
}

@techreport{Flores-AP-1998,
	institution="UFRGS, Departamento de Engenharia Elétrica",
	address="Porto Alegre, {RS}",
	author="Ály Ferreira Flores Filho and Altamiro Amadeu Susin and Marilia Amaral da Silveira",
	title="Atuador Planar",
	number="BR n. PI 9900945-5",
	month="Abr",
	year="1998",
	note="(depósito)"
}

@manual{XILINX:SPAR-2000,
	organization="XILINX",
	title="Spartan and Spartan-XL Families Field Programmable Gate Arrays: Product Specification",
	year="2000",
	pages="82",
	note="Disponível em:
\url{<http://direct.xilinx.com/bvdocs/publications/ ds060.pdf>}. Acesso em:
18 set. 2002."
}

@book{IBGE:IBGE-1993,
	author="IBGE",
	title="Normas de Apresentacao Tabular",
	address="Rio de Janeiro",
	publisher="IBGE",
	year="1993",
	pages="62p",
	ISBN="85-240-0471-1"
}
@ARTICLE{CERT:CERT-2006,
	AUTHOR       = "Cert.br",
	TITLE        = "Cartilha de Segurança para Internet: parte I: conceitos de segurança",
	JOURNAL      = "Cert.br",
	YEAR         = "2006",
	VOLUME       = "",
	NUMBER       = "",
	PAGES        = "",
	MONTH        = "dez",
	NOTE         = "Disponível em:
\url{<http://cartilha.cert.br/conceitos>}. Acesso em:
17 dez. 2008."
}

@misc{Education2016,
author = {Education, NASA/JPL},
title = {{How Many Decimals of Pi Do We Really Need?}},
year = {2016},
note = "Disponível em:
\url{<https://www.jpl.nasa.gov/edu/news/2016/3/16/how-many-decimals-of-pi-do-we-really-need/>}. Acesso em:
5 set. 2017."
}

@ARTICLE{WIKIPEDIA2017,
	AUTHOR       = "Wikipedia",
	TITLE        = "Pi",
	JOURNAL      = "",
	YEAR         = "2017",
	VOLUME       = "",
	NUMBER       = "",
	PAGES        = "",
	MONTH        = "",
	NOTE         = "Disponível em:
\url{<http://cartilha.cert.br/conceitos>}. Acesso em:
5 set. 2017."
}

@book{Leithold1982,
address = {S{\~{a}}o Paulo},
author = {Leithold, Louis},
edition = {2},
pages = {520},
publisher = {Harper {\&} Row do Brasil},
title = {{O c{\'{a}}lculo com geometria anal{\'{i}}tica}},
year = {1982}
}

@book{Manly2008,
address = {Porto Alegre},
author = {Manly, Bryan J. F.},
edition = {3},
isbn = {978-85-7780-185-5},
pages = {229},
publisher = {Bookman},
title = {{M{\'{e}}todos Estat{\'{i}}sticos Multivariados: uma introdução}},
year = {2008}
}

@book{Crespo2002,
address = {S{\~{a}}o Paulo},
author = {Crespo, Ant{\^{o}}nio Arnot},
edition = {17},
isbn = {85-02-02056-0},
pages = {183},
publisher = {Saraiva},
title = {{Estat{\'{i}}stica}},
year = {2002}
}

@book{Kotz2009,
address = {S{\~{a}}o Paulo},
author = {Kotz, John C. and Treichel, Paul M. and Weaver, Gabriela C.},
edition = {2},
isbn = {978-85-221-0691-2},
pages = {608},
publisher = {Cengage Learning},
title = {{Qu{\'{i}}mica Geral}},
year = {2009}
}

@misc{WIKIPEDIA2017A,
author = {WIKIPEDIA},
title = {{Accuracy and precision}},
NOTE = "Disponível em:
\url{<https://en.wikipedia.org/wiki/Accuracy_and_precision#Accuracy_vs_precision_-_the_target_analogy>}. Acesso em:
8 set. 2017."
}

@misc{Infopedia2003,
author = {Infop{\'{e}}dia},
title = {{Gravidade}},
booktitle = {Editora Porto},
NOTE = "Disponível em:
\url{<https://www.infopedia.pt/$gravidade>}. Acesso em:
27 set. 2017."
}

@misc{Carlip1998,
author = {Carlip, Steve and Wiener, Matthew and Landis, Geoffrey},
title = {{Does Gravity Travel at the Speed of Light?}},
NOTE = "Disponível em:
\url{<http://math.ucr.edu/home/baez/physics/Relativity/GR/grav_speed.html>}. Acesso em:
27 set. 2017."
}

@book{Young2008,
address = {S{\~{a}}o Paulo},
author = {Young, H. D. and Freedman, R. A.},
edition = {12},
isbn = {978-85-88639-30-0},
pages = {403},
publisher = {Person},
title = {Física I: Mecânica},
year = {2008}
}

@misc{Prass2017,
author = {Prass, Alberto Ricardo},
file = {:C$\backslash$:/Users/wagner.araujo/Dropbox/IFG/Engenharia/20172/2Periodo/Fisica2/Fisica/Relatorio03/a{\_}lei{\_}de{\_}hooke.pdf:pdf},
keywords = {el{\'{a}}sticos,o nosso objetivo neste,precisamente,sendo este},
pages = {1--4},
title = {{A lei de Hooke}},
NOTE = "Disponível em:
\url{<http://www.fisica.net/mecanicaclassica/a_lei_de_hooke.pdf>}. Acesso em:
27 set. 2017."
}

@book{PINTO2006,
address = {S{\~{a}}o Paulo},
author = {CARLOS DE SOUSA PINTO},
edition = {3},
isbn = {},
pages = {403},
publisher = {Oficina dos Textos},
title = {Básico de Mecânica dos Solos},
year = {2006}
}

@misc{SANTOS2019,
author = {Aline Cristina Souza dos Santos},
pages = {1--35},
title = {{Mecânica dos solos I: Tópicos complementares}},
urlaccessdate={5 maio. 2019},
url={http://sinop.unemat.br/siteantigo}
}

